<?xml version="1.0" encoding="UTF-8"?>
<collection xmlns:xsi="http://www.w3.org/2001/XMLSchema-instance" xsi:schemaLocation="http://www.loc.gov/MARC21/slim http://www.loc.gov/standards/marcxml/schema/MARC21slim.xsd" xmlns="http://www.loc.gov/MARC21/slim">
<record>
  <leader>00953cam a22002411  4500</leader>
  <controlfield tag="001">3063327</controlfield>
  <controlfield tag="003">NNC</controlfield>
  <controlfield tag="005">20040721104213.0</controlfield>
  <controlfield tag="008">010810s1947    le            000 0 ara d</controlfield>
  <datafield tag="035" ind1=" " ind2=" ">
    <subfield code="a">(OCoLC)ocm47757597</subfield>
  </datafield>
  <datafield tag="035" ind1=" " ind2=" ">
    <subfield code="9">ATN5125CU</subfield>
  </datafield>
  <datafield tag="035" ind1=" " ind2=" ">
    <subfield code="a">(NNC)3063327</subfield>
  </datafield>
  <datafield tag="040" ind1=" " ind2=" ">
    <subfield code="a">ZCU</subfield>
    <subfield code="c">ZCU</subfield>
  </datafield>
  <datafield tag="099" ind1=" " ind2=" ">
    <subfield code="a">893.799</subfield>
    <subfield code="a">Y36</subfield>
  </datafield>
  <datafield tag="110" ind1="1" ind2=" ">
    <subfield code="a">Lebanon.</subfield>
  </datafield>
  <datafield tag="245" ind1="1" ind2="0">
    <subfield code="a">Qānūn al-waqf al-dhurrī wa-maṣādiruhū al-sharʻīyah fī Lubnān</subfield>
    <subfield code="c">taʾlīf Zuhdī Yeken.</subfield>
  </datafield>
  <datafield tag="260" ind1=" " ind2=" ">
    <subfield code="a">Bayrūt ,</subfield>
    <subfield code="b">Maktabat Ṣādir,</subfield>
    <subfield code="c">[1947]</subfield>
  </datafield>
  <datafield tag="300" ind1=" " ind2=" ">
    <subfield code="a">83 p.</subfield>
  </datafield>
  <datafield tag="500" ind1=" " ind2=" ">
    <subfield code="a">"Yaḥtawī ʻalā mabāḥith al-waqf waʾan-wāʻihī al-mukhtalifah biṣūrah ʻamalīyah maʻa muqāranatihī bi-al-madhāhib al-arbaʻah al-islāmīyah watafsīl ʻamalī liqānūn al-waqf al-dhurrī."</subfield>
  </datafield>
  <datafield tag="650" ind1=" " ind2="0">
    <subfield code="a">Charitable uses, trusts, and foundations (Islamic law)</subfield>
  </datafield>
  <datafield tag="650" ind1=" " ind2="0">
    <subfield code="a">Charitable uses, trusts, and foundations</subfield>
    <subfield code="z">Lebanon.</subfield>
  </datafield>
  <datafield tag="700" ind1="1" ind2=" ">
    <subfield code="a">Yakan, Zuhdī.</subfield>
  </datafield>
  <datafield tag="955" ind1=" " ind2=" ">
    <subfield code="b">CU58846930</subfield>
    <subfield code="d">off,glx</subfield>
    <subfield code="e">893.799 Y36</subfield>
  </datafield>
</record>
</collection>